@book{dineen,
  title     = "Foclóir Gaedhilge agus Béarla",
  author    = "Dineen, Patrick S.",
  year      = 1934,
  publisher = "Cumann na Scríbheann Gaedhilge",
  address   = "Baile Átha Cliath, Éire"
}

@book{odonaill,
  title     = "Foclóir Gaeilge-Béarla",
  author    = "Ó Dónaill, Niall",
  year      = 1977,
  publisher = "An Gúm",
  address   = "Baile Átha Cliath, Éire"
}

@book{storchiste,
  title     = "Stórchiste",
  author    = "Williams, Nicholas",
  editor    = "Everson, Michael",
  year      = 2023,
  publisher = "Evertype",
  address   = "Dundee, Alba"
}

@online{de-bhaldraithe,
  title     = "English-Irish Dictionary",
  author    = "de Bhaldraithe, Tomás",
  year      = 1978,
  url       = {https://www.teanglann.ie/ga/eid/},
}

@online{focloir-beag,
  title     = "An Foclóir Beag",
  author    = "Ó Dónaill agus Ua Maoileoin",
  year      = 1991,
  url       = {https://www.teanglann.ie/ga/fb/},
}

@online{caighdean,
  title     = "Gramadach na Gaeilge An Caidheán Oifigiúil",
  author    = "Tithe an Oireachtais",
  publisher = "Seirbhís Thithe an Oireachtais",
  year      = 2017,
  url       = {https://data.oireachtas.ie/ie/oireachtas/caighdeanOifigiul/2017/2017-08-03_an-caighdean-oifigiuil-2017_en.pdf},
}

@online{omianain,
  title     = "Concise English-Irish Dictionary",
  author    = "Págraidh Ó Maináin",
  publisher = "Foras na Gaeilge",
  year      = 2020,
  url       = {https://www.focloir.ie/ga},
}

@online{tearmaie,
  title     = "téarma.ie: An Bunachar Náisiúnta Téarmaíochta don Ghaeilge",
  publisher = "Foras na Gaeilge",
  url       = {https://www.tearma.ie/},
}
